<record><leader>00000cas a22000007a 4500</leader><controlfield tag="001">2449710</controlfield><controlfield tag="008">760712d18381839pauwr ne      0    0eng d</controlfield><datafield ind1=" " ind2=" " tag="010"><subfield code="a">sn 85038387 </subfield></datafield><datafield ind1=" " ind2=" " tag="040"><subfield code="a">QPR</subfield><subfield code="b">eng</subfield><subfield code="c">QPR</subfield><subfield code="d">NPY</subfield><subfield code="d">NPH</subfield><subfield code="d">NPX</subfield><subfield code="d">OCL</subfield><subfield code="d">OCLCQ</subfield></datafield><datafield ind1=" " ind2=" " tag="042"><subfield code="a">msc</subfield></datafield><datafield ind1="0" ind2="0" tag="245"><subfield code="a">Pittsburgh Saturday evening visiter and galaxy of western literature and science.</subfield></datafield><datafield ind1="3" ind2="0" tag="246"><subfield code="a">Pittsburgh Saturday evening visitor and galaxy of western literature and science</subfield></datafield><datafield ind1="1" ind2="3" tag="246"><subfield code="a">Saturday evening visiter</subfield></datafield><datafield ind1="1" ind2="7" tag="246"><subfield code="a">Pittsburgh Saturday evening visiter</subfield></datafield><datafield ind1=" " ind2=" " tag="260"><subfield code="a">Pittsburgh [Pa.] :</subfield><subfield code="b">E.B. Fisher &amp; Co.,</subfield><subfield code="c">-1839.</subfield></datafield><datafield ind1=" " ind2=" " tag="300"><subfield code="a">v. ;</subfield><subfield code="c">61 cm.</subfield></datafield><datafield ind1=" " ind2=" " tag="310"><subfield code="a">Weekly</subfield></datafield><datafield ind1="1" ind2=" " tag="362"><subfield code="a">Began in 1838.</subfield></datafield><datafield ind1="0" ind2=" " tag="362"><subfield code="a">-v. 5, no. 52 (July 13, 1839) = -whole no. 260.</subfield></datafield><datafield ind1=" " ind2=" " tag="525"><subfield code="a">Supplements issued quarterly, Oct. 1838-1839.</subfield></datafield><datafield ind1=" " ind2=" " tag="588"><subfield code="a">Description based on: Vol. 5, no. 1 (July 21, 1838).</subfield></datafield><datafield ind1=" " ind2=" " tag="752"><subfield code="a">United States</subfield><subfield code="b">Pennsylvania</subfield><subfield code="c">Allegheny</subfield><subfield code="d">Pittsburgh.</subfield></datafield><datafield ind1="0" ind2="0" tag="780"><subfield code="t">Pittsburgh Saturday evening visiter (Pittsburgh, Pa. : 1837)</subfield><subfield code="w">(DLC)sn 85038386</subfield></datafield><datafield ind1="0" ind2="0" tag="785"><subfield code="t">Pittsburgh Saturday visiter, and galaxy of western literature and science</subfield><subfield code="w">(DLC)sn 86081019</subfield></datafield></record>